<record><leader>00000cas a22000007a 4500</leader><controlfield tag="001">9680784</controlfield><controlfield tag="008">830708d1831183unyudr ne      0    0eng d</controlfield><controlfield tag="009">3781</controlfield><datafield ind1=" " ind2=" " tag="010"><subfield code="a">sn 83030835 </subfield></datafield><datafield ind1=" " ind2=" " tag="040"><subfield code="a">NPU</subfield><subfield code="b">eng</subfield><subfield code="c">NPU</subfield><subfield code="d">NPX</subfield><subfield code="d">OCLCQ</subfield></datafield><datafield ind1="1" ind2=" " tag="029"><subfield code="a">AU@</subfield><subfield code="b">000023600881</subfield></datafield><datafield ind1=" " ind2=" " tag="042"><subfield code="a">msc</subfield></datafield><datafield ind1="0" ind2="0" tag="245"><subfield code="a">Daily freeman's advocate, and farmers', mechanics' and workingmen's champion.</subfield></datafield><datafield ind1=" " ind2=" " tag="260"><subfield code="a">Albany, N.Y. :</subfield><subfield code="b">M'Kercher &amp; M'Pherson,</subfield><subfield code="c">1831-</subfield></datafield><datafield ind1=" " ind2=" " tag="300"><subfield code="a">v. ;</subfield><subfield code="c">61 cm.</subfield></datafield><datafield ind1=" " ind2=" " tag="310"><subfield code="a">Daily</subfield></datafield><datafield ind1="0" ind2=" " tag="362"><subfield code="a">Vol. 1, no. 1 (May 10, 1831)-</subfield></datafield><datafield ind1=" " ind2=" " tag="500"><subfield code="a">Editor: E.V. Sparhawk, &lt;1831&gt;.</subfield></datafield><datafield ind1=" " ind2=" " tag="580"><subfield code="a">Semiweekly ed.: Albany freeman's advocate, and farmers', mechanics' and workingmen's champion.</subfield></datafield><datafield ind1="1" ind2=" " tag="700"><subfield code="a">Sparhawk, E. V.</subfield></datafield><datafield ind1=" " ind2=" " tag="752"><subfield code="a">United States</subfield><subfield code="b">New York</subfield><subfield code="c">Albany</subfield><subfield code="d">Albany.</subfield></datafield><datafield ind1="1" ind2=" " tag="775"><subfield code="t">Albany freeman's advocate, and farmers', mechanics' and workingmen's champion</subfield><subfield code="w">(DLC)sn 86053020</subfield></datafield></record>